@article{altmann2010,
  title={Permutation importance: a corrected feature importance measure},
  author={Altmann, Andr{\'e} and Tolo{\c{s}}i, Laura and Sander, Oliver and Lengauer, Thomas},
  journal={Bioinformatics},
  volume={26},
  number={10},
  pages={1340--1347},
  year={2010},
  publisher={Oxford University Press}
}

@book{casella2002,
  title={Statistical inference},
  author={Casella, George and Berger, Roger L},
  volume={2},
  year={2002},
  publisher={Duxbury Pacific Grove, CA}
}

@article{divine2018,
  title={The Wilcoxon--Mann--Whitney procedure fails as a test of medians},
  author={Divine, George W and Norton, H James and Bar{\'o}n, Anna E and Juarez-Colunga, Elizabeth},
  journal={The American Statistician},
  volume={72},
  number={3},
  pages={278--286},
  year={2018},
  publisher={Taylor \& Francis}
}

@inproceedings{franccois2006,
  title={The permutation test for feature selection by mutual information.},
  author={Fran{\c{c}}ois, Damien and Wertz, Vincent and Verleysen, Michel},
  booktitle={ESANN},
  pages={239--244},
  year={2006}
}

@book{hollander2013,
  title={Nonparametric statistical methods},
  author={Hollander, Myles and Wolfe, Douglas A and Chicken, Eric},
  volume={751},
  year={2013},
  publisher={John Wiley \& Sons}
}

@book{lehmann2006,
  title={Testing statistical hypotheses},
  author={Lehmann, Erich L and Romano, Joseph P},
  year={2006},
  publisher={Springer Science \& Business Media}
}

@article{nembrini2019,
  title={On what to permute in test-based approaches for variable importance measures in Random Forests},
  author={Nembrini, Stefano},
  journal={Bioinformatics},
  volume={35},
  number={15},
  pages={2701--2705},
  year={2019},
  publisher={Oxford University Press}
}

@article{scott1979,
  title={On optimal and data-based histograms},
  author={Scott, David W},
  journal={Biometrika},
  volume={66},
  number={3},
  pages={605--610},
  year={1979},
  publisher={Oxford University Press}
}

@book{van2000,
  title={Asymptotic statistics},
  author={Van der Vaart, Aad W},
  volume={3},
  year={2000},
  publisher={Cambridge university press}
}

@Book{xie2015,
  title = {Dynamic Documents with {R} and knitr},
  author = {Yihui Xie},
  publisher = {Chapman and Hall/CRC},
  address = {Boca Raton, Florida},
  year = {2015},
  edition = {2nd},
  note = {ISBN 978-1498716963},
  url = {http://yihui.name/knitr/},
}
